[gd_scene load_steps=18 format=2]

[ext_resource path="res://game/game_theme.tres" type="Theme" id=1]
[ext_resource path="res://game/minigames/h_minigame/h_minigame.gd" type="Script" id=2]
[ext_resource path="res://game/minigames/h_minigame/joi.gd" type="Script" id=3]
[ext_resource path="res://system/vn/textured_background.tscn" type="PackedScene" id=4]
[ext_resource path="res://game/minigames/h_minigame/heart.svg" type="Texture" id=5]
[ext_resource path="res://game/minigames/h_minigame/tap.wav" type="AudioStream" id=6]
[ext_resource path="res://system/theme.tres" type="Theme" id=7]
[ext_resource path="res://system/fonts/RobotoSlabRegular-22.tres" type="DynamicFont" id=8]
[ext_resource path="res://game/minigames/h_minigame/speech.svg" type="Texture" id=9]
[ext_resource path="res://game/minigames/h_minigame/action_button.tscn" type="PackedScene" id=10]

[sub_resource type="StyleBoxFlat" id=1]
bg_color = Color( 1, 1, 1, 1 )
border_color = Color( 1, 1, 1, 1 )
border_blend = true
corner_radius_top_left = 1024
corner_detail = 1

[sub_resource type="Gradient" id=2]
offsets = PoolRealArray( 0, 0.577778 )
colors = PoolColorArray( 1, 1, 1, 1, 1, 1, 1, 0 )

[sub_resource type="GradientTexture" id=3]
gradient = SubResource( 2 )

[sub_resource type="Curve" id=4]
max_value = 1.5
_data = [ Vector2( 0, 0.9824 ), 0.0, 0.0, 0, 0, Vector2( 0.249005, 1.5 ), 0.0, 0.0, 0, 0, Vector2( 0.51255, 1.5 ), 0.0309357, 0.0, 0, 0 ]

[sub_resource type="CurveTexture" id=5]
curve = SubResource( 4 )

[sub_resource type="ParticlesMaterial" id=6]
flag_disable_z = true
gravity = Vector3( 0, 0, 0 )
angular_velocity = 0.376471
orbit_velocity = 0.0
orbit_velocity_random = 0.0
scale_curve = SubResource( 5 )
color_ramp = SubResource( 3 )

[sub_resource type="StyleBoxFlat" id=7]
bg_color = Color( 0.152941, 0.537255, 0.737255, 1 )
border_width_left = 3
border_width_top = 3
border_width_right = 3
border_width_bottom = 3
border_color = Color( 1, 1, 1, 1 )

[node name="Control" type="Control"]
anchor_right = 1.0
anchor_bottom = 1.0
margin_left = 2.12127
margin_top = -0.362454
margin_right = 2.12134
margin_bottom = -0.362427
theme = ExtResource( 1 )
script = ExtResource( 2 )

[node name="DebugSlider" type="HSlider" parent="."]
visible = false
margin_left = 9.80002
margin_top = 187.75
margin_right = 258.8
margin_bottom = 250.75
ticks_on_borders = true

[node name="Metronome" type="Control" parent="."]
anchor_right = 1.0
margin_top = 35.0
margin_bottom = 105.0
rect_min_size = Vector2( 0, 70 )
script = ExtResource( 3 )

[node name="Background" parent="Metronome" instance=ExtResource( 4 )]
editor/display_folded = false
show_behind_parent = true
margin_top = 0.0
margin_bottom = 0.0
rect_min_size = Vector2( 0, 70 )

[node name="Panel2" type="Panel" parent="Metronome"]
anchor_left = 1.0
anchor_top = 1.0
anchor_right = 1.0
anchor_bottom = 1.0
margin_left = -174.95
margin_top = -24.7187
margin_right = 1.0498
margin_bottom = -1.71867
custom_styles/panel = SubResource( 1 )

[node name="VSeparator" type="VSeparator" parent="Metronome"]
anchor_left = 0.5
anchor_right = 0.5
anchor_bottom = 1.0
margin_left = -2.0
margin_top = 2.21466
margin_right = 2.0
margin_bottom = 2.21466

[node name="TextureRect" type="TextureRect" parent="Metronome"]
modulate = Color( 1, 0, 0, 1 )
anchor_left = 0.5
anchor_top = 0.5
anchor_right = 0.5
anchor_bottom = 0.5
margin_left = -21.0
margin_top = -20.0
margin_right = 21.0
margin_bottom = 20.0
texture = ExtResource( 5 )
expand = true

[node name="Particles2D" type="Particles2D" parent="Metronome/TextureRect"]
position = Vector2( 21, 19 )
scale = Vector2( 0.475, 0.475 )
emitting = false
amount = 1
lifetime = 0.5
one_shot = true
process_material = SubResource( 6 )
texture = ExtResource( 5 )

[node name="AudioStreamPlayer" type="AudioStreamPlayer" parent="Metronome"]
stream = ExtResource( 6 )

[node name="Debug" type="Label" parent="."]
margin_right = 40.0
margin_bottom = 14.0
custom_colors/font_color = Color( 1, 1, 1, 1 )

[node name="PleasureMeter" type="ProgressBar" parent="."]
self_modulate = Color( 0.992157, 0, 1, 1 )
anchor_left = 0.5
anchor_right = 0.5
anchor_bottom = 1.0
margin_left = 430.0
margin_top = 370.0
margin_right = 669.0
margin_bottom = -218.0
rect_rotation = -90.0
max_value = 1.0
percent_visible = false

[node name="SpeakPanel" type="Panel" parent="."]
editor/display_folded = true
visible = false
modulate = Color( 1, 1, 1, 0.5 )
anchor_left = 0.5
anchor_top = 0.5
anchor_right = 0.5
anchor_bottom = 0.5
margin_left = -414.0
margin_top = -185.0
margin_right = -199.0
margin_bottom = 3.0
custom_styles/panel = SubResource( 7 )

[node name="MarginContainer2" type="MarginContainer" parent="SpeakPanel"]
anchor_right = 1.0
anchor_bottom = 1.0
custom_constants/margin_right = 6
custom_constants/margin_top = 6
custom_constants/margin_left = 6
custom_constants/margin_bottom = 6

[node name="VBoxContainer" type="VBoxContainer" parent="SpeakPanel/MarginContainer2"]
margin_left = 6.0
margin_top = 6.0
margin_right = 209.0
margin_bottom = 182.0
size_flags_vertical = 3
alignment = 1

[node name="TalkButton" type="Button" parent="SpeakPanel/MarginContainer2/VBoxContainer"]
margin_top = 6.0
margin_right = 203.0
margin_bottom = 44.0
focus_mode = 0
size_flags_horizontal = 3
theme = ExtResource( 7 )
custom_fonts/font = ExtResource( 8 )
enabled_focus_mode = 0
text = "TALK_FASTER"
clip_text = true

[node name="Button2" type="Button" parent="SpeakPanel/MarginContainer2/VBoxContainer"]
margin_top = 48.0
margin_right = 203.0
margin_bottom = 86.0
focus_mode = 0
size_flags_horizontal = 3
theme = ExtResource( 7 )
custom_fonts/font = ExtResource( 8 )
enabled_focus_mode = 0
text = "TALK_SLOWER"
clip_text = true

[node name="Button3" type="Button" parent="SpeakPanel/MarginContainer2/VBoxContainer"]
margin_top = 90.0
margin_right = 203.0
margin_bottom = 128.0
focus_mode = 0
size_flags_horizontal = 3
theme = ExtResource( 7 )
custom_fonts/font = ExtResource( 8 )
enabled_focus_mode = 0
text = "TALK_STATUS"
clip_text = true

[node name="Button4" type="Button" parent="SpeakPanel/MarginContainer2/VBoxContainer"]
margin_top = 132.0
margin_right = 203.0
margin_bottom = 170.0
focus_mode = 0
size_flags_horizontal = 3
theme = ExtResource( 7 )
custom_fonts/font = ExtResource( 8 )
enabled_focus_mode = 0
text = "TALK_STOP"
clip_text = true

[node name="HPanel" type="Panel" parent="."]
editor/display_folded = true
visible = false
modulate = Color( 1, 1, 1, 0.5 )
anchor_left = 0.5
anchor_top = 0.5
anchor_right = 0.5
anchor_bottom = 0.5
margin_left = -414.0
margin_top = -185.0
margin_right = -199.0
margin_bottom = 3.0
custom_styles/panel = SubResource( 7 )

[node name="MarginContainer2" type="MarginContainer" parent="HPanel"]
anchor_right = 1.0
anchor_bottom = 1.0
custom_constants/margin_right = 6
custom_constants/margin_top = 6
custom_constants/margin_left = 6
custom_constants/margin_bottom = 6

[node name="VBoxContainer" type="VBoxContainer" parent="HPanel/MarginContainer2"]
margin_left = 6.0
margin_top = 6.0
margin_right = 209.0
margin_bottom = 182.0
size_flags_vertical = 3
alignment = 1

[node name="VBoxContainer" type="VBoxContainer" parent="."]
anchor_left = 0.5
anchor_top = 0.5
anchor_right = 0.5
anchor_bottom = 0.5
margin_left = -497.0
margin_top = -186.0
margin_right = -435.0
margin_bottom = -65.0

[node name="Button" type="Button" parent="VBoxContainer"]
margin_right = 62.0
margin_bottom = 58.0
hint_tooltip = "TOOLTIP_SPEAK"
focus_mode = 0
enabled_focus_mode = 0
icon = ExtResource( 9 )
flat = true

[node name="ActionButtons" type="Control" parent="."]
anchor_right = 1.0
anchor_bottom = 1.0

[node name="KissButton" parent="ActionButtons" instance=ExtResource( 10 )]
anchor_left = 0.5
anchor_top = 0.5
anchor_right = 0.5
anchor_bottom = 0.5
margin_left = -37.4404
margin_top = -107.917
margin_right = 31.5596
margin_bottom = -72.9167
text = "KISS"

[node name="KissButton2" parent="ActionButtons" instance=ExtResource( 10 )]
anchor_left = 0.5
anchor_top = 0.5
anchor_right = 0.5
anchor_bottom = 0.5
margin_left = -167.302
margin_top = -6.85742
margin_right = -28.3018
margin_bottom = 28.1426
rect_pivot_offset = Vector2( 98.0362, 24.6477 )
text = "FONDLE"

[node name="KissButton3" parent="ActionButtons" instance=ExtResource( 10 )]
anchor_left = 0.5
anchor_top = 0.5
anchor_right = 0.5
anchor_bottom = 0.5
margin_left = 11.0331
margin_top = -9.4295
margin_right = 150.033
margin_bottom = 25.5705
rect_pivot_offset = Vector2( 98.0362, 24.6477 )
text = "FONDLE"

[node name="KissButton4" parent="ActionButtons" instance=ExtResource( 10 )]
anchor_left = 0.5
anchor_top = 0.5
anchor_right = 0.5
anchor_bottom = 0.5
margin_left = -37.8342
margin_top = 108.859
margin_right = 26.1658
margin_bottom = 143.859
rect_pivot_offset = Vector2( 98.0362, 24.6477 )
text = "RUB"

[node name="KissButton5" parent="ActionButtons" instance=ExtResource( 10 )]
anchor_left = 0.5
anchor_top = 0.5
anchor_right = 0.5
anchor_bottom = 0.5
margin_left = -59.2919
margin_top = 160.713
margin_right = 46.7081
margin_bottom = 195.713
rect_pivot_offset = Vector2( 98.0362, 24.6477 )
text = "FINGER"
